<record><leader>00000cas a22000007a 4500</leader><controlfield tag="001">10932200</controlfield><controlfield tag="008">840710d19061919ohudn ne      0    0eng d</controlfield><controlfield tag="009">3783</controlfield><datafield ind1=" " ind2=" " tag="010"><subfield code="a">sn 84028352 </subfield></datafield><datafield ind1=" " ind2=" " tag="040"><subfield code="a">NPY</subfield><subfield code="b">eng</subfield><subfield code="c">NPY</subfield><subfield code="d">ONP</subfield></datafield><datafield ind1=" " ind2=" " tag="042"><subfield code="a">msc</subfield></datafield><datafield ind1="0" ind2=" " tag="130"><subfield code="a">Elyria chronicle (Elyria, Ohio : 1906)</subfield></datafield><datafield ind1="0" ind2="4" tag="245"><subfield code="a">The Elyria chronicle.</subfield></datafield><datafield ind1=" " ind2=" " tag="260"><subfield code="a">Elyria, Ohio :</subfield><subfield code="b">Chronicle Print. Co.,</subfield><subfield code="c">1906-</subfield></datafield><datafield ind1=" " ind2=" " tag="300"><subfield code="a">v.</subfield></datafield><datafield ind1=" " ind2=" " tag="310"><subfield code="a">Daily (except Sun.)</subfield></datafield><datafield ind1="0" ind2=" " tag="362"><subfield code="a">Vol. 3, no. 703 (Oct. 8, 1906)-</subfield></datafield><datafield ind1="1" ind2=" " tag="362"><subfield code="a">Ceased with June 30, 1919 issue.</subfield></datafield><datafield ind1=" " ind2=" " tag="500"><subfield code="a">"Republican."</subfield></datafield><datafield ind1=" " ind2=" " tag="515"><subfield code="a">Vol. 3, no. 830 (Mar. 5, 1907) misdated Feb. 5.</subfield></datafield><datafield ind1=" " ind2=" " tag="500"><subfield code="a">Editors: Rembrandt Rowe, 1906-Aug. &lt;23&gt;, 1907; T.C. Carter, Aug. &lt;26&gt;, 1907-Nov. 13, 1908; Joseph D. Eddy, Nov. 14, 1908-&lt;Feb. 1909&gt;.</subfield></datafield><datafield ind1=" " ind2=" " tag="580"><subfield code="a">Weekly eds.: Weekly chronicle (Elyria, Ohio), 1906-19uu; Elyria chronicle (Elyria, Ohio : 1911), 19uu-1913.</subfield></datafield><datafield ind1=" " ind2=" " tag="752"><subfield code="a">United States</subfield><subfield code="b">Ohio</subfield><subfield code="c">Lorain</subfield><subfield code="d">Elyria.</subfield></datafield><datafield ind1="1" ind2=" " tag="775"><subfield code="t">Weekly chronicle (Elyria, Ohio)</subfield><subfield code="w">(DLC)sn 84028348</subfield></datafield><datafield ind1="1" ind2=" " tag="775"><subfield code="t">Elyria chronicle (Elyria, Ohio : 1911)</subfield><subfield code="w">(DLC)sn 88078650</subfield></datafield><datafield ind1="0" ind2="0" tag="780"><subfield code="t">Elyria daily chronicle</subfield><subfield code="w">(DLC)sn 84028351</subfield></datafield><datafield ind1="0" ind2="7" tag="785"><subfield code="t">Evening telegram (Elyria, Ohio : 1915)</subfield><subfield code="w">(DLC)sn 88078648</subfield></datafield><datafield ind1="0" ind2="7" tag="785"><subfield code="t">Chronicle-telegram</subfield><subfield code="w">(DLC)sn 84028353</subfield></datafield></record>